<record><leader>00000cas a22000007a 4500</leader><controlfield tag="001">26206214</controlfield><controlfield tag="008">920717d18331838ctudr ne      0    0eng d</controlfield><datafield ind1=" " ind2=" " tag="010"><subfield code="a">sn 92051307 </subfield></datafield><datafield ind1=" " ind2=" " tag="040"><subfield code="a">CNW</subfield><subfield code="b">eng</subfield><subfield code="c">CNW</subfield><subfield code="d">OCL</subfield><subfield code="d">OCLCQ</subfield><subfield code="d">OCLCF</subfield><subfield code="d">OCLCO</subfield></datafield><datafield ind1="1" ind2=" " tag="029"><subfield code="a">AU@</subfield><subfield code="b">000020125927</subfield></datafield><datafield ind1=" " ind2=" " tag="042"><subfield code="a">msc</subfield></datafield><datafield ind1=" " ind2=" " tag="043"><subfield code="a">n-us-ct</subfield></datafield><datafield ind1="0" ind2="0" tag="245"><subfield code="a">New-England daily review.</subfield></datafield><datafield ind1=" " ind2=" " tag="260"><subfield code="a">Hartford, Con[n]. :</subfield><subfield code="b">Hanmer &amp; Comstock</subfield></datafield><datafield ind1=" " ind2=" " tag="300"><subfield code="a">v.</subfield></datafield><datafield ind1=" " ind2=" " tag="310"><subfield code="a">Daily</subfield></datafield><datafield ind1="1" ind2=" " tag="362"><subfield code="a">Began in 1833; ceased in Dec. 1838.</subfield></datafield><datafield ind1=" " ind2=" " tag="580"><subfield code="a">Weekly ed.: New-England weekly review (Hartford, Conn. : 1828), Mar. 17, 1828-June 23, 1834, and: New England review (Hartford, Conn.), June 30, 1834-Feb. 13, 1836, and: Review and telegraph, Feb. 20, 1836-1838.</subfield></datafield><datafield ind1=" " ind2=" " tag="588"><subfield code="a">Description based on: Vol. 1, no. 22 (June 1, 1833).</subfield></datafield><datafield ind1=" " ind2="0" tag="651"><subfield code="a">Hartford (Conn.)</subfield><subfield code="v">Newspapers.</subfield></datafield><datafield ind1=" " ind2="7" tag="655"><subfield code="a">Newspapers.</subfield><subfield code="2">fast</subfield><subfield code="0">(OCoLC)fst01423814</subfield></datafield><datafield ind1=" " ind2="7" tag="651"><subfield code="a">Connecticut</subfield><subfield code="z">Hartford.</subfield><subfield code="2">fast</subfield><subfield code="0">(OCoLC)fst01207441</subfield></datafield><datafield ind1=" " ind2=" " tag="752"><subfield code="a">United States</subfield><subfield code="b">Connecticut</subfield><subfield code="c">Hartford</subfield><subfield code="d">Hartford.</subfield></datafield><datafield ind1="1" ind2=" " tag="775"><subfield code="t">New-England weekly review (Hartford, Conn. : 1828)</subfield><subfield code="w">(DLC)sn 82016465</subfield><subfield code="w">(OCoLC)9347090</subfield></datafield><datafield ind1="1" ind2=" " tag="775"><subfield code="t">New England review (Hartford, Conn.)</subfield><subfield code="w">(DLC)sn 84023072</subfield><subfield code="w">(OCoLC)10762000</subfield></datafield><datafield ind1="1" ind2=" " tag="775"><subfield code="t">Review and telegraph</subfield><subfield code="w">(DLC)sn 84023070</subfield><subfield code="w">(OCoLC)10764256</subfield></datafield><datafield ind1="0" ind2="0" tag="785"><subfield code="t">Daily review (Hartford, Conn.)</subfield><subfield code="w">(DLC)sn 84023071</subfield><subfield code="w">(OCoLC)10758366</subfield></datafield></record>